% +--------------+
% | Introduction |
% +--------------+

% https://doi.org/10.1016/j.crhy.2011.05.004
@article{antoniadis_crp_2011,
  title   = {{Short-range fundamental forces}},
  author  = {I. Antoniadis and S. Baessler and M. B\"uchner and V.V. Fedorov and S. Hoedl and A. Lambrecht and V.V. Nesvizhevsky and G. Pignol and K.V. Protasov and S. Reynaud and Yu. Sobolev},
  author  = {Antoniadis, I. and Baessler, S. and B\"uchner, M. and Fedorov, V. V. and Hoedl, S. and Lambrecht, A. and Nesvizhevsky, V. V. and Pignol, G. and Protasov, K. V. and Reynaud, S. and Sobolev, Yu.},
  journal = {C. R. Phys.},
  volume  = {12},
  number  = {8},
  pages   = {755--778},
  year    = {2011},
  doi     = {10.1016/j.crhy.2011.05.004}
}

% https://doi.org/10.1103/PhysRevLett.87.211801
@article{chan_prl_2001,
  title   = {{Nonlinear Micromechanical Casimir Oscillator}},
  author  = {Chan, H. B. and Aksyuk, V. A. and Kleiman, R. N. and Bishop, D. J. and Capasso, Federico},
  journal = {Phys. Rev. Lett.},
  volume  = {87},
  issue   = {21},
  pages   = {211801},
  year    = {2001},
  doi     = {10.1103/PhysRevLett.87.211801}
}

% https://doi.org/10.1103/PhysRevB.63.033402
@article{buks_prb_2001,
  title   = {{Stiction, adhesion energy, and the Casimir effect in micromechanical systems}},
  author  = {Buks, E. and Roukes, M. L.},
  journal = {Phys. Rev. B},
  volume  = {63},
  issue   = {3},
  pages   = {033402},
  year    = {2001},
  doi     = {10.1103/PhysRevB.63.033402}
}

% https://doi.org/10.1093/acprof:oso/9780199238743.001.0001
@book{bordag_advances,
  title     = {{Advances in the Casimir Effect}},
  author    = {Bordag, M. and Klimchitskaya, G. L. and Mohideen, U. and Mostepanenko, V. M.},
  year      = {2009},
  publisher = {Oxford University Press},
  isbn      = {978-0-199238-743},
  doi       = {10.1093/acprof:oso/9780199238743.001.0001}
}

% https://doi.org/10.1016/j.crhy.2012.04.008
@article{martin_crp_2012,
  title   = {{Everything you always wanted to know about the cosmological constant problem (but were afraid to ask)}},
  author  = {Martin, J.},
  journal = {C. R. Phys.},
  volume  = {13},
  number  = {6},
  pages   = {566--665},
  year    = {2012},
  doi     = {10.1016/j.crhy.2012.04.008}
}

@phdthesis{Durand_phd,
  author = {Canaguier-Durand, Antoine},
  title  = {{Multipolar scattering expansion for the Casimir effect in the sphere-plane geometry.}},
  school = {Universit\'{e} Pierre et Marie Curie -- Paris VI},
  url    = {https://tel.archives-ouvertes.fr/tel-00805047},
  year   = {2011}
}

% exact result for Drude in the high-temperature limit
% https://doi.org/10.1103/PhysRevLett.109.160403
@article{bimonte_prl_2012,
  title   = {{Exact Results for Classical Casimir Interactions: Dirichlet and Drude Model in the Sphere-Sphere and Sphere-Plane Geometry}},
  author  = {Bimonte, Giuseppe and Emig, Thorsten},
  journal = {Phys. Rev. Lett.},
  volume  = {109},
  issue   = {16},
  pages   = {160403},
  year    = {2012},
  doi     = {10.1103/PhysRevLett.109.160403}
}

% +--------------------+
% | Scattering formula |
% +--------------------+

% https://doi.org/10.1088/1367-2630/8/10/243
@article{lambrecht_njp_2006,
  title   = {{The Casimir effect within scattering theory}},
  author  = {Lambrecht, Astrid and Maia Neto, Paulo A. and Reynaud, Serge},
  journal = {New J. Phys.},
  volume  = {8},
  number  = {10},
  pages   = {243},
  year    = {2006},
  doi     = {10.1088/1367-2630/8/10/243}
}

% https://doi.org/10.1103/PhysRevLett.99.170403
@article{emig_prl_2007,
  title   = {{Casimir Forces between Arbitrary Compact Objects}},
  author  = {Emig, T. and Graham, N. and Jaffe, R. L. and Kardar, M.},
  journal = {Phys. Rev. Lett.},
  volume  = {99},
  issue   = {17},
  pages   = {170403},
  year    = {2007},
  doi     = {10.1103/PhysRevLett.99.170403}
}


% +------------------+
% | numerical papers |
% +------------------+

% https://doi.org/10.1007/s10915-013-9714-z
@article{ambikasaran_josc_2013,
  title     = {{An $\mathcal O (N \log N)$ Fast Direct Solver for Partial Hierarchically Semi-Separable Matrices}},
  author    = {Ambikasaran, Sivaram and Darve, Eric},
  journal   = {J. Sci. Comput.},
  volume    = {57},
  number    = {3},
  pages     = {477--501},
  year      = {2013},
  doi       = {10.1007/s10915-013-9714-z},
  publisher = {Springer}
}

@article{ambikasaran_arxiv_2014,
  title         = {{Fast symmetric factorization of hierarchical matrices with applications}},
  author        = {{Ambikasaran}, Sivaram and {O'Neil}, Michael and {Singh}, Karan Raj},
  journal       = {arXiv e-prints},
  year          = {2014},
  archivePrefix = {arXiv},
  url           = {http://arxiv.org/abs/1405.0223},
  eprint        = {1405.0223},
  primaryClass  = {math.NA},
}

% https://doi.org/10.21105/joss.01167
@article{ambikasaran_joss_2019,
  title     = {{HODLRlib: A Library for Hierarchical Matrices}},
  author    = {Ambikasaran, Sivaram and Singh, Karan Raj and Sankaran, Shyam Sundar},
  year      = {2019},
  volume    = {4},
  number    = {34},
  pages     = {1167},
  journal   = {JOSS},
  doi       = {10.21105/joss.01167}
}

% +--------------+
% | CaPS used in |
% +--------------+

% https://doi.org/10.1103/PhysRevE.91.033203
@article{ingold_pre_2015,
  title   = {{Geometric origin of negative Casimir entropies: A scattering-channel analysis}},
  author  = {Ingold, Gert-Ludwig and Umrath, Stefan and Hartmann, Michael and Gu\'erout, Romain and Lambrecht, Astrid and Reynaud, Serge and Milton, Kimball A.},
  journal = {Phys. Rev. E},
  volume  = {91},
  issue   = {3},
  pages   = {033203},
  year    = {2015},
  doi     = {10.1103/PhysRevE.91.033203},
}

% https://doi.org/10.1103/PhysRevE.92.042125
@article{umrath_pre_2015,
  title   = {{Disentangling geometric and dissipative origins of negative Casimir entropies}},
  author  = {Umrath, Stefan and Hartmann, Michael and Ingold, Gert-Ludwig and Maia Neto, Paulo A.},
  journal = {Phys. Rev. E},
  volume  = {92},
  issue   = {4},
  pages   = {042125},
  year    = {2015},
  doi     = {10.1103/PhysRevE.92.042125}
}

% https://doi.org/10.1103/PhysRevLett.119.043901
@article{hartmann_prl_2017,
  title   = {{Plasma versus Drude Modeling of the Casimir Force: Beyond the Proximity Force Approximation}},
  author  = {Hartmann, Michael and Ingold, Gert-Ludwig and Maia Neto, Paulo A.},
  journal = {Phys. Rev. Lett.},
  volume  = {119},
  issue   = {4},
  pages   = {043901},
  year    = {2017},
  doi     = {10.1103/PhysRevLett.119.043901}
}

% https://opus.bibliothek.uni-augsburg.de/opus4/44798
@phdthesis{hartmann_phd_2018,
  title  = {{Casimir effect in the plane-sphere geometry: Beyond the proximity force approximation}},
  author = {Hartmann, Michael},
  year   = {2018},
  school = {Universit√§t Augsburg},
  url    = {https://opus.bibliothek.uni-augsburg.de/opus4/44798}
}

% https://doi.org/10.1088/1402-4896/aae34e
@article{hartmann_phscr_2018,
  author  = {Hartmann, Michael and Ingold, Gert-Ludwig and {Maia Neto}, Paulo A.},
  title   = {{Advancing numerics for the Casimir effect to experimentally relevant aspect ratios}},
  journal = {Phys. Scr.},
  volume  = {93},
  number  = {11},
  pages   = {114003},
  year    = {2018},
  doi     = {10.1088/1402-4896/aae34e}
}

% https://doi.org/10.1103/PhysRevLett.96.080403
@article{emig_prl_2006,
  author  = {Emig, T. and Jaffe, R. L. and Kardar, M. and Scardicchio, A.},
  title   = {{Casimir Interaction between a Plate and a Cylinder}},
  journal = {Phys. Rev. Lett.},
  volume  = {96},
  number  = {8},
  pages   = {080403},
  year    = {2006},
  doi     = {10.1103/PhysRevLett.96.080403}
}

% +-------------+
% | Experiments |
% +-------------+

% https://doi.org/10.1103/PhysRevB.100.081406
@article{liu_prb_2019,
  author  = {Liu, M. and Xu, J. and Klimchitskaya, G. L. and Mostepanenko, V. M. and Mohideen, U.},
  title   = {{Examining the Casimir puzzle with an upgraded AFM-based technique and advanced surface cleaning}},
  journal = {Phys. Rev. B},
  volume  = {100},
  issue   = {8},
  pages   = {081406(R)},
  year    = {2019},
  doi     = {10.1103/PhysRevB.100.081406}
}

% https://journals.aps.org/pra/abstract/10.1103/PhysRevA.100.052511
@article{liu_pra_2019,
  author  = {Liu, M. and Xu, J. and Klimchitskaya, G. L. and Mostepanenko, V. M. and Mohideen, U.},
  title   = {{Precision measurements of the gradient of the Casimir force between ultraclean metallic surfaces at larger separations}},
  journal = {Phys. Rev. A},
  volume  = {100},
  issue   = {5},
  pages   = {052511},
  year    = {2019},
  doi     = {10.1103/PhysRevA.100.052511}
}

% scuff-em
% https://doi.org/10.1109/TAP.2015.2438393
@article{reid_ieee_2015,
  author  = {Reid, M. T. H. and Johnson, S. G.},
  title   = {{Efficient Computation of Power, Force, and Torque in BEM Scattering Calculations}},
  journal = {IEEE Trans. Antennas Propag.},
  volume  = {63},
  issue   = {8},
  pages   = {3588--3598},
  year    = {2015},
  doi     = {10.1109/TAP.2015.2438393}
}

% meep
@article{oskooi_cpc_2010,
  author  = {Oskooi, A. F. and Roundy, D. and Ibanescu, M. and Bermel, P. and Joannopoulos, J. D. and Johnson, S. G.},
  title   = {{Meep: A flexible free-software package for electromagnetic simulations by the FDTD method}},
  journal = {Comput. Phys. Commun.},
  volume  = {181},
  issue   = {3},
  pages   = {687--702},
  year    = {2010},
  doi     = {10.1016/j.cpc.2009.11.008}
}
