@article{PhysRevA.92.062504,
  title = {Casimir interaction between a sphere and a grating},
  author = {Messina, Riccardo and Maia Neto, Paulo A. and Guizal, Brahim and Antezza, Mauro},
  journal = {Phys. Rev. A},
  volume = {92},
  issue = {6},
  pages = {062504},
  numpages = {14},
  year = {2015},
  month = {Dec},
  publisher = {American Physical Society},
  doi = {10.1103/PhysRevA.92.062504},
  url = {http://link.aps.org/doi/10.1103/PhysRevA.92.062504}
}

@article{PhysRevA.83.039905,
  title = {Erratum: Thermal Casimir effect for Drude metals in the plane-sphere geometry [Phys. Rev. A     \textbf{82}  , 012511 (2010)]},
  author = {Canaguier-Durand, Antoine and Maia Neto, Paulo A. and Lambrecht, Astrid and Reynaud, Serge},
  journal = {Phys. Rev. A},
  volume = {83},
  issue = {3},
  pages = {039905},
  numpages = {1},
  year = {2011},
  month = {Mar},
  publisher = {American Physical Society},
  doi = {10.1103/PhysRevA.83.039905},
  url = {http://link.aps.org/doi/10.1103/PhysRevA.83.039905}
}


@article{PhysRevE.91.033203,
  title = {Geometric origin of negative Casimir entropies: A scattering-channel analysis},
  author = {Ingold, Gert-Ludwig and Umrath, Stefan and Hartmann, Michael and Gu\'erout, Romain and Lambrecht, Astrid and Reynaud, Serge and Milton, Kimball A.},
  journal = {Phys. Rev. E},
  volume = {91},
  issue = {3},
  pages = {033203},
  numpages = {10},
  year = {2015},
  month = {Mar},
  publisher = {American Physical Society},
  doi = {10.1103/PhysRevE.91.033203},
  url = {http://link.aps.org/doi/10.1103/PhysRevE.91.033203}
}


@article{PhysRevE.92.042125,
  title = {Disentangling geometric and dissipative origins of negative Casimir entropies},
  author = {Umrath, Stefan and Hartmann, Michael and Ingold, Gert-Ludwig and Neto, Paulo A. Maia},
  journal = {Phys. Rev. E},
  volume = {92},
  issue = {4},
  pages = {042125},
  numpages = {10},
  year = {2015},
  month = {Oct},
  publisher = {American Physical Society},
  doi = {10.1103/PhysRevE.92.042125},
  url = {http://link.aps.org/doi/10.1103/PhysRevE.92.042125}
}


@article{ThermodynamicalLimit,
  title = {What good is the thermodynamic limit?},
  author = {Styer, D. F.},
  journal = {American Journal of Physics},
  volume = {72},
  issue = {1},
  pages = {25--29},
  year = {2004},
  url = {http://adsabs.harvard.edu/abs/2004AmJPh..72...25S}
}

@article{PhysRevB.65.165432,
  title = {Dispersion of surface plasmon polaritons on short-pitch metal gratings},
  author = {Hooper, I. R. and Sambles, J. R.},
  journal = {Phys. Rev. B},
  volume = {65},
  issue = {16},
  numpages = {9},
  year = {2002},
  month = {Apr},
  url = {http://link.aps.org/doi/10.1103/PhysRevB.65.165432},
  publisher = {American Physical Society}
}


@article{cugnon,
  title = {{The Casimir Effect and the Vacuum Energy: Duality in the Physical Interpretation}},
  author = {Cugnon, Joseph},
  journal = {Few-Body Systems},
  volume = 53,
  year = 2012
}

@misc{jaffe2005casimir,
  abstract = {In discussions of the cosmological constant, the Casimir effect is often
invoked as decisive evidence that the zero point energies of quantum fields are
"real''. On the contrary, Casimir effects can be formulated and Casimir forces
can be computed without reference to zero point energies. They are
relativistic, quantum forces between charges and currents. The Casimir force
(per unit area) between parallel plates vanishes as \alpha, the fine structure
constant, goes to zero, and the standard result, which appears to be
independent of \alpha, corresponds to the \alpha\to\infty limit.},
  added-at = {2013-12-23T11:50:21.000+0100},
  author = {Jaffe, R. L.},
  biburl = {http://www.bibsonomy.org/bibtex/22911e45ebe45dd76453e549ca803eda4/aeu_research},
  description = {The Casimir Effect and the Quantum Vacuum},
  interhash = {bdb8780e2bf7bb8be43801c3f3b54694},
  intrahash = {2911e45ebe45dd76453e549ca803eda4},
  keywords = {casimir quantum vacuum},
  timestamp = {2013-12-23T11:50:21.000+0100},
  title = {The Casimir Effect and the Quantum Vacuum},
  url = {http://arxiv.org/abs/hep-th/0503158},
  year = 2005
}

@article{denardo:2009,
  added-at = {2010-07-23T07:14:55.000+0200},
  author = {Denardo, Bruce C. and Puda, Joshua J. and Larraza, Andrés},
  biburl = {http://www.bibsonomy.org/bibtex/299b00a5d5afbfe60bbb4b71e9fde6f7a/richterek},
  interhash = {8edcaaefaa619ddb6b2fcd98ae6894af},
  intrahash = {99b00a5d5afbfe60bbb4b71e9fde6f7a},
  journal = {American Journal of Physics},
  keywords = {mechanics},
  mendeley-tags = {mechanics},
  number = 12,
  publisher = {AAPT},
  timestamp = {2010-07-23T07:14:55.000+0200},
  title = {{A water wave analog of the Casimir effect}},
  type = {Journal article},
  url = {http://link.aip.org/link/?AJP/77/1095/1},
  volume = 77,
  year = 2009
}


@book{abramowitz,
  title={Handbook of Mathematical Functions: With Formulas, Graphs, and Mathematical Tables},
  author={Abramowitz, M. and Stegun, I. A.},
  isbn={9780486158242},
  lccn={lc65012253},
  series={Applied mathematics series},
  url={http://books.google.de/books?id=MtU8uP7XMvoC},
  year={1964},
  publisher={Dover Publications}
}


@article{bostroem,
    author = {Boström, A. and Kristensson, G. and Ström, S.},
    title = {Transformation properties of plane, spherical and cylindrical scalar and vector wave functions },
    journal = {International Journal of Modern Physics: Conference Series},
    volume = {1},
    pages = {165--210},
    year = {1991},
    publisher = {Elsevier Science Publishers},
    series = {Acoustic, Electromagnetic and Elastic Wave Scattering, Field Representations and Introduction to Scattering}
}

@article{SphereSphere,
    author = {Pablo Rodriguez-Lopez},
    title = {Casimir Energy and Entropy between perfect metal Spheres},
    journal = {International Journal of Modern Physics: Conference Series},
    volume = {14},
    pages = {475-484},
    year = {2012},
    URL = {http://www.worldscientific.com/doi/abs/10.1142/S201019451200760X},
    eprint = {http://www.worldscientific.com/doi/pdf/10.1142/S201019451200760X}
}

@article{ScatterinTheoryApproach,
      author         = "Rahi, S. J. and Emig, T. and Graham, N.
                        and Jaffe, R. L. and Kardar, M.",
      title          = "{Scattering Theory Approach to Electrodynamic Casimir
                        Forces}",
      journal        = "Phys.Rev.",
      volume         = "D80",
      year           = "2009",
}

@book{rose,
  title={Elementary Theory of Angular Momentum},
  author={Rose, M. E.},
  isbn={9780486684802},
  lccn={lc94041223},
  series={Dover books on physics and chemistry},
  url={http://books.google.de/books?id=Fvf2KgcuzTkC},
  year={1995},
  publisher={Dover}
}

@article{Sparnaay1958,
    title    = "Measurements of attractive forces between flat plates",
    journal  = "Physica",
    volume   = "24",
    number   = "6--10",
    pages    = "751--764",
    year     = "1958",
    issn     = "0031-8914",
    url      = "http://www.sciencedirect.com/science/article/pii/S0031891458800907",
    keywords = {histroic, experiment},
    author   = "Sparnaay, M. J."
}

@article{WignerDfunction,
    author   = {Pendleton, J. David},
    journal  = {American Journal of Physics},
    title    = {Euler angle geometry, helicity basis vectors, and the Wigner D-function addition theorem},
    volume   = {71},
    url      = "http://dx.doi.org/10.1119/1.1615525",
    year     = {2003}
}

@article{Casimir1948,
    author   = {Casimir, H. B. G.},
    journal  = {Proc. K. Ned. Akad. Wet.},
    keywords = {casimir, historic, casimirforce, plate},
    pages    = {793--795},
    title    = {{On the attraction between two perfectly conducting plates}},
    volume   = {51},
    year     = {1948}
}

@article{Lifshitz1956,
    author   = {Lifshitz, E. M.},
    journal  = {Soviet Physics 2},
    keywords = {historic},
    title    = {{The theory of molecular attractive forces between solids}},
    volume   = {73},
    year     = {1956}
}

@article{DerjaguinAbrikosovaLifshits1956,
    author    = {Derjaguin, B. V. and Abrikosova, I. I. and Lifshitz, E. M.},
    title     = {Direct measurement of molecular attraction between solids separated by a narrow gap},
    journal   = {Q. Rev. Chem. Soc.},
    year      = {1956},
    volume    = {10},
    issue     = {3},
    pages     = {295--329},
    publisher = {The Royal Society of Chemistry},
    url       = {http://dx.doi.org/10.1039/QR9561000295},
    keywords  = {historic}
}

@article{Lamoreaux1997,
    title     = {Demonstration of the Casimir Force in the 0.6 to 6 $\mu$m Range},
    author    = {Lamoreaux, S. K.},
    journal   = {Phys. Rev. Lett.},
    volume    = {78},
    issue     = {1},
    pages     = {5--8},
    year      = {1997},
    month     = {Jan},
    url       = {http://link.aps.org/doi/10.1103/PhysRevLett.78.5},
    keywords  = {experimental},
    publisher = {American Physical Society}
}

@article{Lamoreaux1997Err,
    title = {Erratum: Demonstration of the Casimir Force in the 0.6 to 6 $\mu$m Range [Phys. Rev. Lett. 78, 5 (1997)]},
    author = {Lamoreaux, S. K.},
    journal = {Phys. Rev. Lett.},
    volume = {81},
    issue = {24},
    year = {1998},
    month = {Dec},
    url = {http://link.aps.org/doi/10.1103/PhysRevLett.81.5475},
    publisher = {American Physical Society}
}

@article{Mohideen1998,
    title = {Precision Measurement of the Casimir Force from 0.1 to 0.9 $\mu m$},
    author = {Mohideen, U. and Roy, Anushree},
    journal = {Phys. Rev. Lett.},
    volume = {81},
    issue = {21},
    year = {1998},
    month = {Nov},
    url = {http://link.aps.org/doi/10.1103/PhysRevLett.81.4549},
    publisher = {American Physical Society}
}

@article{Mohideen1999,
  title = {Improved precision measurement of the Casimir force},
  author = {Roy, Anushree and Lin, Chiung-Yuan and Mohideen, U.},
  journal = {Phys. Rev. D},
  volume = {60},
  issue = {11},
  numpages = {5},
  year = {1999},
  month = {Nov},
  url = {http://link.aps.org/doi/10.1103/PhysRevD.60.111101},
  publisher = {American Physical Society}
}

@article{Mohideen2000,
  title = {Precision measurement of the Casimir force using gold surfaces},
  author = {Harris, B. W. and Chen, F. and Mohideen, U.},
  journal = {Phys. Rev. A},
  volume = {62},
  issue = {5},
  numpages = {5},
  year = {2000},
  month = {Oct},
  url = {http://link.aps.org/doi/10.1103/PhysRevA.62.052109},
  publisher = {American Physical Society}
}

@article{Capasso2001,
  title = {Nonlinear Micromechanical Casimir Oscillator},
  author = {Chan, H. B. and Aksyuk, V. A. and Kleiman, R. N. and Bishop, D. J. and Capasso, Federico},
  journal = {Phys. Rev. Lett.},
  volume = {87},
  issue = {21},
  numpages = {4},
  year = {2001},
  month = {Oct},
  url = {http://link.aps.org/doi/10.1103/PhysRevLett.87.211801},
  publisher = {American Physical Society}
}

@article{Mohideen2009,
  title = {The Casimir force between real materials: Experiment and theory},
  author = {Klimchitskaya, G. L. and Mohideen, U. and Mostepanenko, V. M.},
  journal = {Rev. Mod. Phys.},
  volume = {81},
  issue = {4},
  year = {2009},
  month = {Dec},
  url = {http://link.aps.org/doi/10.1103/RevModPhys.81.1827},
  publisher = {American Physical Society}
}

@article{Lamoreaux2011,
  title = {Observation of the thermal Casimir force},
  author = {A. O. Sushkov and W. J. Kim and  D. A. R. Dalvit and S. K. Lamoreaux},
  journal = {Nature Physics},
  volume = {7},
  pages = {230--233},
  year = {2011},
  url = {http://www.nature.com/nphys/journal/v7/n3/abs/nphys1909.html},
}

@article{Decca2005,
    title = "Precise comparison of theory and new experiment for the Casimir force leads to stronger constraints on thermal quantum effects and long-range interactions",
    journal = "Annals of Physics",
    volume = "318",
    number = "1",
    pages = "37--80",
    year = "2005",
    issn = "0003-4916",
    url = "http://www.sciencedirect.com/science/article/pii/S0003491605000485",
    author = "Decca, R. S. and D. López and E. Fischbach and G.L. Klimchitskaya and D.E. Krause and V.M. Mostepanenko",
    keywords = "Casimir force",
    keywords = "Thermal corrections",
    keywords = "Lifshitz formula",
    keywords = "Yukawa-type interaction"
}

@article{Decca2007,
    year={2007},
    issn={1434-6044},
    journal={The European Physical Journal C},
    volume={51},
    number={4},
    title={Novel constraints on light elementary particles and extra-dimensional physics from the Casimir effect},
    url={http://dx.doi.org/10.1140/epjc/s10052-007-0346-z},
    publisher={Springer-Verlag},
    author={Decca, R.S. and López, D. and Fischbach, E. and Klimchitskaya, G.L. and Krause, D.E. and Mostepanenko, V.M.},
}

@article{Decca2003,
  title = {Measurement of the Casimir Force between Dissimilar Metals},
  author = {Decca, R. S. and L\'opez, D. and Fischbach, E. and Krause, D. E.},
  journal = {Phys. Rev. Lett.},
  volume = {91},
  issue = {5},
  numpages = {4},
  year = {2003},
  month = {Jul},
  url = {http://link.aps.org/doi/10.1103/PhysRevLett.91.050402},
  publisher = {American Physical Society}
}

@article{Decca20052,
    author = {Klimchitskaya, G. L. and Decca, R. S. and Fischbach, E. and Krause, D. E. and López, D. and Mostepanenko, V. M.},
    title = {Casimir effect as a test for thermal corrections and hypothetical long-range interactions},
    journal = {International Journal of Modern Physics A},
    volume = {20},
    number = {11},
    year = {2005},
    URL = {http://www.worldscientific.com/doi/abs/10.1142/S0217751X05024419},
    eprint = {http://www.worldscientific.com/doi/pdf/10.1142/S0217751X05024419}
}

@article{Decca20072,
  title = {Tests of new physics from precise measurements of the Casimir pressure between two gold-coated plates},
  author = {Decca, R. S. and L\'opez, D. and Fischbach, E. and Klimchitskaya, G. L. and Krause, D. E. and Mostepanenko, V. M.},
  journal = {Phys. Rev. D},
  volume = {75},
  issue = {7},
  numpages = {4},
  year = {2007},
  month = {Apr},
  url = {http://link.aps.org/doi/10.1103/PhysRevD.75.077101},
  publisher = {American Physical Society}
}

@article{Decca2008,
  title = {Stronger constraints on non-Newtonian gravity from the Casimir effect},
  author = {Mostepanenko, V. M. and Decca, R. S. and Fischbach, E. and Klimchitskaya, G. L. and Krause, D. E. and López, D.},
  journal = {Journal of Physics A},
  volume = {41},
  issue = {16},
  year = {2008},
  url = {http://iopscience.iop.org/1751-8121/41/16/164054}
}

@article{ThermalCasimirEffect,
  title = {Thermal Casimir effect for Drude metals in the plane-sphere geometry},
  author = {Canaguier-Durand, A. and Maia Neto, P. A. and Lambrecht, A. and Reynaud, S.},
  journal = {Phys. Rev. A},
  volume = {82},
  issue = {1},
  numpages = {11},
  year = {2010},
  month = {Jul},
  url = {http://link.aps.org/doi/10.1103/PhysRevA.82.012511},
  publisher = {American Physical Society}
}

@article{VSH2,
  title = {Vector spherical harmonics and their application to magnetostatics},
  author = {Barrera, R. G. and Estevez, G. A. and Giraldo, J.},
  journal = {European Journal of Physics},
  volume = {6},
  issue = {4},
  year = {1985},
}

@article{CasimirWithinScatteringTheory,
  title = {The Casimir effect within scattering theory},
  author = {Lambrecht, A. and Neto, P. Maia and Reynaud, S.},
  journal = {New Journal of Physics},
  volume = {8},
  issue = {10},
  year = {2006},
}

@book{biedenharn,
  title={Angular Momentum in Quantum Physics: Theory and Application},
  author={Biedenharn, L. C. and Louck, J. D. and Carruthers, P. A.},
  isbn={9780521102445},
  series={Encyclopedia of Mathematics and its Applications},
  url={http://books.google.de/books?id=p99nPwAACAAJ},
  year={2009},
  publisher={Cambridge University Press}
}


@article{VSH1,
  title = {Analysis of astrometric catalogues with vector spherical harmonics},
  author = {Mignard, F. and Klioner, S.},
  journal = {arxiv},
  year = {2012},
  url = {http://arxiv.org/abs/1207.0025}
}

@article{Onofrio2006,
  title = {Casimir forces and non-Newtonian gravitation},
  author = {Onofrio, R.},
  journal = {New Journal of Physics},
  volume = {8},
  issue = {237},
  year = {2006},
  url = {http://iopscience.iop.org/1367-2630/8/10/237}
}


@article{LossyOpticalCavities,
  title = {Casimir force and the quantum theory of lossy optical cavities},
  author = {Genet, C. and Lambrecht, A. and Reynaud, S.},
  journal = {Phys. Rev. A},
  volume = {67},
  issue = {4},
  numpages = {18},
  year = {2003},
  month = {Apr},
  publisher = {American Physical Society},
  url = {http://link.aps.org/doi/10.1103/PhysRevA.67.043811}
}


@book{PhotonsAndAtoms,
      author       = "Cohen-Tannoudji, C. and Dupont-Roc, J. and
                      Grynberg, G.",
      title        = "Photons and Atoms: Introduction to Quantum Electrodynamics",
      publisher    = "Wiley",
      address      = "New York, NY",
      year         = "1989"
}


@book{jackson,
    abstract = {{A revision of the defining book covering the physics and classical  mathematics necessary to understand electromagnetic fields in materials  and at surfaces and interfaces. The third edition has been revised to  address the changes in emphasis and applications that have occurred in the past twenty years.  }},
    author = {Jackson, John D.},
    day = {10},
    edition = {3},
    howpublished = {Hardcover},
    isbn = {047130932X},
    keywords = {general},
    month = aug,
    posted-at = {2009-06-17 19:29:28},
    priority = {2},
    publisher = {Wiley},
    title = {{Classical Electrodynamics Third Edition}},
    url = {http://www.amazon.com/exec/obidos/redirect?tag=citeulike07-20\&path=ASIN/047130932X},
    year = {1998}
}

@book{landaulifshitz,
    author = {Landau, L. D. and Lifshitz, E. M.},
    publisher = {Butterworth-Heinemann},
    title = {{The Classical Theory of Fields}},
    year = {1975}
}

@book{stratton,
    author = {Stratton, J. A.},
    publisher = {McGraw-Hill Book Company},
    title = {{Electromagnetic Theory}},
    year = {1941}
}

@book{fliessbach,
    author = {Fließbach, Thorsten},
    edition = {5},
    year = {2008},
    publisher = {Spektrum Akademischer Verlag},
    title = {{Elektrodynamik}},
}

@book{nolting,
    author = {Nolting, Wolfgang},
    edition = {6},
    publisher = {Springer-Verlag},
    title = {{Elektrodynamik}},
}

@book{mueller,
    author = {Müller, Claus},
    year = {1969},
    publisher = {Springer-Verlag},
    title = {{Foundations of the Mathematical Theory of Electromagnetic Waves}},
}

@book{kerker,
  title={The scattering of light, and other electromagnetic radiation},
  author={Kerker, M.},
  lccn={68266144},
  series={Physical chemistry},
  url={http://books.google.de/books?id=XyJRAAAAMAAJ},
  year={1969},
  publisher={Academic Press}
}

@book{bohrenhuffman,
  title={Absorption and scattering of light by small particles},
  author={Craig F. Bohren and Huffman, D. R.},
  isbn={9780471293408},
  lccn={lc82020312},
  series={Wiley science paperback series},
  url={http://books.google.de/books?id=S1RCZ8BjgN0C},
  year={1983},
  publisher={Wiley}
}

@phdthesis{Durand,
    author = {Canaguier-Durand, A.},
    title  = {Multipolar scattering expansion for the Casimir effect in the sphere-plane geometry.},
    school = {Université Pierre et Marie Curie},
    year   = {2011}
}

@book{CasimirAdvances,
  title={Advances in the Casimir Effect},
  author={Bordag, M. and Klimchitskaya, G.L. and Mohideen, U. and Mostepanenko, V.M.},
  isbn={9780191579882},
  series={International Series of Monographs on Physics},
  url={http://books.google.de/books?id=CqE1f\_s5PgYC},
  year={2009},
  publisher={OUP Oxford}
}

@Book{IEEE:1985:AIS,
  author =       "{IEEE Task P754}",
  title =        "{ANSI\slash IEEE 754-1985, Standard for Binary
                 Floating-Point Arithmetic}",
  publisher =    pub-IEEE-STD,
  address =      pub-IEEE-STD:adr,
  pages =        "20",
  day =          "12",
  month =        aug,
  year =         "1985",
  ISBN =         "1-55937-653-8",
  ISBN-13 =      "978-1-55937-653-2",
  LCCN =         "????",
  bibdate =      "Thu Mar 02 09:57:22 2006",
  bibsource =    "http://www.math.utah.edu/pub/tex/bib/ieeestd.bib",
  price =        "US\$35.00",
  URL =          "http://ieeexplore.ieee.org/iel1/2355/1316/00030711.pdf;
                 http://standards.ieee.org/reading/ieee/std/busarch/754-1985.pdf;
                 http://standards.ieee.org/reading/ieee/std_public/description/busarch/754-1985_desc.html;
                 http://www.iec.ch/cgi-bin/procgi.pl/www/iecwww.p?wwwlang=E&wwwprog=cat-det.p&wartnum=019113",
  acknowledgement = ack-nhfb,
}



@book{NumericalRecipesInFortran,
 author = {Press, W. H. and Teukolsky, S. A. and Vetterling, W. T. and Flannery, B. P.},
 title = {Numerical Recipes in FORTRAN; The Art of Scientific Computing},
 year = {1993},
 isbn = {0521437164},
 edition = {2nd},
 publisher = {Cambridge University Press},
 address = {New York, NY, USA},
} 

@book{HandbookOfAutomaticComputation,
 author = {Wilkinson, J. H. and Reinsch, C. and Bauer, F. L.},
 title = {Handbook for Automatic Computation: Linear Algebra (Grundlehren der Mathematischen Wissenschaften, Vol 186)},
 year = {1986},
 isbn = {0387054146},
 pages = {315--326},
 publisher = {Springer-Verlag},
} 

@book{MatrixComputations,
  title={Matrix Computations},
  author={Golub, G.H. and Van Loan, C.F.},
  isbn={9780801854149},
  lccn={96014291},
  series={Johns Hopkins Studies in the Mathematical Sciences},
  url={http://books.google.de/books?id=mlOa7wPX6OYC},
  year={1996},
  pages={206--236},
  publisher={Johns Hopkins University Press}
}

@article{Fornberg88,
    abstract = {{Simple recursions are derived for calculating the weights in compact finite difference formulas for any order of derivative and to any order of accuracy on one-dimensional grids with arbitrary spacing. Tables are included for some special cases (of equispaced grids).}},
    author = {Fornberg, B.},
    citeulike-article-id = {1742894},
    citeulike-linkout-0 = {http://dx.doi.org/10.2307/2008770},
    citeulike-linkout-1 = {http://www.jstor.org/stable/2008770},
    issn = {00255718},
    journal = {Mathematics of Computation},
    keywords = {numerical\_analysis},
    number = {184},
    pages = {699--706},
    posted-at = {2009-03-26 19:09:35},
    priority = {2},
    publisher = {American Mathematical Society},
    title = {{Generation of Finite Difference Formulas on Arbitrarily Spaced Grids}},
    url = {http://dx.doi.org/10.2307/2008770},
    volume = {51},
    year = {1988}
}

@article{GaussLaguerreTable,
    jstor_articletype = {research-article},
    title = {Tables of Abscissas and Weights for Numerical Evaluation of Integrals of the Form $\int_0^\infty \e^{-x} x^n f(x) \mathrm{d}x$},
    author = {Rabinowitz, P. and Weiss, G.},
    journal = {Mathematical Tables and Other Aids to Computation},
    jstor_issuetitle = {},
    volume = {13},
    number = {68},
    jstor_formatteddate = {Oct., 1959},
    pages = {pp. 285-294},
    url = {http://www.jstor.org/stable/2002801},
    ISSN = {08916837},
    abstract = {},
    year = {1959},
    publisher = {American Mathematical Society},
    copyright = {Copyright © 1959 American Mathematical Society},
}

@book{ashcroft1976solid,
  title={Solid state physics},
  author={Ashcroft, N.W. and Mermin, N.D.},
  isbn={9780030493461},
  lccn={lc74009772},
  series={Science: Physics},
  url={http://books.google.de/books?id=FRZRAAAAMAAJ},
  year={1976},
  publisher={Saunders College}
}

@article{ScatteringApproach,
    author         = "Ingold, G.-L. and Lambrecht, A.",
    title          = "{Casimir effect from a scattering approach}",
    year           = "2014",
    journal = {ArXiv e-prints},
    eprint         = "1404.6919",
    archivePrefix  = "arXiv",
    primaryClass   = "quant-ph"
}

@article{Reynaud:ScatteringApproach,
      author         = "Reynaud, S. and Canaguier-Durand, A. and Messina, R. and
                        Lambrecht, A. and Neto, P.A. Maia",
      title          = "{The Scattering Approach to the Casimir Force}",
      journal        = "Int. J. Mod. Phys.",
      volume         = "A25",
      year           = "2010",
      eprint         = "1001.3375",
      archivePrefix  = "arXiv",
      primaryClass   = "quant-ph"
}

@article{Lambrecht:CasimirScatteringApproach,
      author         = "Lambrecht, A. and Canaguier-Durand, A. and
                        Guerout, R. and Reynaud, S.",
      title          = "{Casimir effect in the scattering approach: correlations
                        between material properties, temperature and geometry}",
      journal        = "Lect.Notes Phys.",
      volume         = "834",
      pages          = "97-127",
      year           = "2011",
      eprint         = "1006.2959",
      archivePrefix  = "arXiv",
      primaryClass   = "quant-ph",
      SLACcitation   = "%%CITATION = ARXIV:1006.2959;%%",
}

@article{PhysRevLett.102.230404,
  title = {Casimir Interaction between Plane and Spherical Metallic Surfaces},
  author = {Canaguier-Durand, A. and Maia Neto, P. A. and Cavero-Pelaez, I. and Lambrecht, A. and Reynaud, S.},
  journal = {Phys. Rev. Lett.},
  volume = {102},
  issue = {23},
  numpages = {4},
  year = {2009},
  month = {Jun},
  publisher = {American Physical Society},
  url = {http://link.aps.org/doi/10.1103/PhysRevLett.102.230404}
}

@article{PhysRevLett.109.160403,
  title = {Exact Results for Classical Casimir Interactions: Dirichlet and Drude Model in the Sphere-Sphere and Sphere-Plane Geometry},
  author = {Bimonte, G. and Emig, T.},
  journal = {Phys. Rev. Lett.},
  volume = {109},
  issue = {16},
  numpages = {5},
  year = {2012},
  month = {Oct},
  publisher = {American Physical Society},
  url = {http://link.aps.org/doi/10.1103/PhysRevLett.109.160403}
}

@article{PhysRevA.85.052501,
  title = {Classical Casimir interaction in the plane-sphere geometry},
  author = {Canaguier-Durand, A. and Ingold, G.-L. and Jaekel, M.-T. and Lambrecht, A. and Neto, P. A. Maia and Reynaud, S.},
  journal = {Phys. Rev. A},
  volume = {85},
  issue = {5},
  numpages = {4},
  year = {2012},
  month = {May},
  publisher = {American Physical Society},
  url = {http://link.aps.org/doi/10.1103/PhysRevA.85.052501}
}

@ARTICLE{2011PhRvD84j5031F,
   author = {{Fosco}, C.~D. and {Lombardo}, F.~C. and {Mazzitelli}, F.~D.
    },
    title = "{Proximity force approximation for the Casimir energy as a derivative expansion}",
archivePrefix = "arXiv",
   eprint = {1109.2123},
 primaryClass = "hep-th",
 keywords = {Specific calculations, Theory of quantized fields, Field theory},
     year = 2011,
    month = nov,
   volume = 84,
   number = 10,
      eid = {105031},
   adsurl = {http://adsabs.harvard.edu/abs/2011PhRvD..84j5031F},
  adsnote = {Provided by the SAO/NASA Astrophysics Data System}
}

@ARTICLE{2009PhRvE80d1113I,
   author = {{Ingold}, G.-L. and {Lambrecht}, A. and {Reynaud}, S.},
    title = "{Quantum dissipative Brownian motion and the Casimir effect}",
archivePrefix = "arXiv",
   eprint = {0905.3608},
 primaryClass = "quant-ph",
 keywords = {Thermodynamics, Decoherence, open systems, quantum statistical methods, Quantum description of interaction of light and matter, related experiments, Optical constants},
     year = 2009,
    month = oct,
   volume = 80,
   number = 4,
      eid = {041113},
   adsurl = {http://adsabs.harvard.edu/abs/2009PhRvE..80d1113I},
  adsnote = {Provided by the SAO/NASA Astrophysics Data System}
}

@ARTICLE{2010IJMPA25.2313P,
   author = {{Pitaevskii}, L.~P.},
    title = "{Casimir-Lifshitz Forces and Entropy}",
  journal = {International Journal of Modern Physics A},
archivePrefix = "arXiv",
   eprint = {1010.0537},
 primaryClass = "cond-mat.stat-mech",
     year = 2010,
   volume = 25,
   adsurl = {http://adsabs.harvard.edu/abs/2010IJMPA..25.2313P},
  adsnote = {Provided by the SAO/NASA Astrophysics Data System}
}


@ARTICLE{2012IJMPA2760013L,
   author = {{Lambrecht}, A. and {Reynaud}, S.},
    title = "{Casimir Effect: Theory and Experiments}",
  journal = {International Journal of Modern Physics A},
archivePrefix = "arXiv",
   eprint = {1112.1301},
 primaryClass = "quant-ph",
     year = 2012,
    month = jun,
   volume = 27,
      eid = {1260013},
   adsurl = {http://adsabs.harvard.edu/abs/2012IJMPA..2760013L},
  adsnote = {Provided by the SAO/NASA Astrophysics Data System}
}

@article{0034-4885-68-1-R04,
  author={Steven K Lamoreaux},
  title={The Casimir force: background, experiments, and applications},
  journal={Reports on Progress in Physics},
  volume={68},
  number={1},
  pages={201},
  url={http://stacks.iop.org/0034-4885/68/i=1/a=R04},
  year={2005},
  abstract={The Casimir force, which is the attraction of two uncharged material bodies due to modification of the zero-point energy associated with the electromagnetic modes in the space between them, has been measured with per cent-level accuracy in a number of recent experiments. A review of the theory of the Casimir force and its corrections for real materials and finite temperature are presented in this report. Applications of the theory to a number of practical problems are discussed.}
}

@ARTICLE{2000PhRvA..61f2107K,
   author = {{Klimchitskaya}, G.~L. and {Mohideen}, U. and {Mostepanenko}, V.~M.
    },
    title = "{Casimir and van der Waals forces between two plates or a sphere (lens) above a plate made of real metals}",
   eprint = {quant-ph/0003093},
 keywords = {Specific calculations, Theory of quantized fields, Optical properties of bulk materials and thin films},
     year = 2000,
    month = jun,
   volume = 61,
   number = 6,
      eid = {062107},
   adsurl = {http://adsabs.harvard.edu/abs/2000PhRvA..61f2107K},
  adsnote = {Provided by the SAO/NASA Astrophysics Data System}
}

@book{hobson2006general,
  title={General Relativity: An Introduction for Physicists},
  author={Hobson, P. and Efstathiou, G.P. and Lasenby, A.N.},
  isbn={9781139447546},
  url={http://books.google.de/books?id=xma1QuTJphYC},
  year={2006},
  publisher={Cambridge University Press}
}


@ARTICLE{2006PhRvD..74d5002G,
   author = {{Gies}, H. and {Klingm{\"u}ller}, K.},
    title = "{Worldline algorithms for Casimir configurations}",
   eprint = {quant-ph/0605141},
 keywords = {Specific calculations, Theory of quantized fields},
     year = 2006,
    month = aug,
   volume = 74,
   number = 4,
      eid = {045002},
   adsurl = {http://adsabs.harvard.edu/abs/2006PhRvD..74d5002G},
  adsnote = {Provided by the SAO/NASA Astrophysics Data System}
}


@ARTICLE{2003hep.th...11168M,
   author = {{Moyaerts}, L. and {Langfeld}, K. and {Gies}, H.},
    title = "{Worldline Approach To The Casimir Effect}",
  journal = {ArXiv High Energy Physics - Theory e-prints},
   eprint = {hep-th/0311168},
 keywords = {High Energy Physics - Theory},
     year = 2003,
    month = nov,
   adsurl = {http://adsabs.harvard.edu/abs/2003hep.th...11168M},
  adsnote = {Provided by the SAO/NASA Astrophysics Data System}
}

@ARTICLE{2004PhRvL..92g0402J,
   author = {{Jaffe}, R.~L. and {Scardicchio}, A.},
    title = "{Casimir Effect and Geometric Optics}",
  journal = {Physical Review Letters},
   eprint = {quant-ph/0310194},
 keywords = {Semiclassical theories and applications, Theory of quantized fields, Edge and boundary effects, reflection and refraction},
     year = 2004,
    month = feb,
   volume = 92,
   number = 7,
      eid = {070402},
   adsurl = {http://adsabs.harvard.edu/abs/2004PhRvL..92g0402J},
  adsnote = {Provided by the SAO/NASA Astrophysics Data System}
}

@ARTICLE{2014arXiv1405.0311M,
   author = {{Milton}, K.~A. and {Gu{\'e}rout}, R. and {Ingold}, G.-L. and 
    {Lambrecht}, A. and {Reynaud}, S.},
    title = "{Negative Casimir Entropies in Nanoparticle Interactions}",
  journal = {ArXiv e-prints},
archivePrefix = "arXiv",
   eprint = {1405.0311},
 primaryClass = "quant-ph",
 keywords = {Quantum Physics, High Energy Physics - Theory},
     year = 2014,
    month = may,
   adsurl = {http://adsabs.harvard.edu/abs/2014arXiv1405.0311M},
  adsnote = {Provided by the SAO/NASA Astrophysics Data System}
}

@ARTICLE{1998AJ....116.1009R,
   author = {{Riess}, A.~G. and {Filippenko}, A.~V. and {Challis}, P. and 
    {Clocchiatti}, A. and {Diercks}, A. and {Garnavich}, P.~M. and 
    {Gilliland}, R.~L. and {Hogan}, C.~J. and {Jha}, S. and {Kirshner}, R.~P. and 
    {Leibundgut}, B. and {Phillips}, M.~M. and {Reiss}, D. and {Schmidt}, B.~P. and 
    {Schommer}, R.~A. and {Smith}, R.~C. and {Spyromilio}, J. and 
    {Stubbs}, C. and {Suntzeff}, N.~B. and {Tonry}, J.},
    title = "{Observational Evidence from Supernovae for an Accelerating Universe and a Cosmological Constant}",
   eprint = {astro-ph/9805201},
 keywords = {COSMOLOGY: OBSERVATIONS, STARS: SUPERNOVAE: GENERAL},
     year = 1998,
    month = sep,
   volume = 116,
   adsurl = {http://adsabs.harvard.edu/abs/1998AJ....116.1009R},
  adsnote = {Provided by the SAO/NASA Astrophysics Data System}
}

@article{1367-2630-8-10-236,
  author={Brevik, I. and Ellingsen, S. A. and Milton, K. A.},
  title={Thermal corrections to the Casimir effect},
  journal={New Journal of Physics},
  volume={8},
  number={10},
  url={http://stacks.iop.org/1367-2630/8/i=10/a=236},
  year={2006}
}

@article{Xu199753,
    title = "Fast evaluation of Gaunt coefficients: recursive approach ",
    journal = "Journal of Computational and Applied Mathematics ",
    volume = "85",
    number = "1",
    pages = "53 - 65",
    year = "1997",
    note = "",
    issn = "0377-0427",
    doi = "http://dx.doi.org/10.1016/S0377-0427(97)00128-3",
    url = "http://www.sciencedirect.com/science/article/pii/S0377042797001283",
    author = "Yu-lin Xu",
    keywords = "Electromagnetic multisphere-scattering",
    keywords = "Gaunt coefficients",
    keywords = "Clebsch-Gordan coefficients",
    keywords = "Wigner 3jm symbols",
    keywords = "Computational method "
}
